%% This BibTeX bibliography file was created using BibDesk.
%% http://bibdesk.sourceforge.net/


%% Created for Graham Enos at 2013-02-24 15:43:32 -0500 


%% Saved with string encoding Unicode (UTF-8) 



@article{okeya2000power,
	Author = {Okeya, Katsuyuki and Sakurai, Kouichi},
	Date-Added = {2013-02-24 15:22:58 -0500},
	Date-Modified = {2013-02-24 15:22:58 -0500},
	Journal = {Progress in Cryptology--INDOCRYPT 2000},
	Pages = {217--314},
	Publisher = {Springer},
	Title = {Power analysis breaks elliptic curve cryptosystems even secure against the timing attack},
	Year = {2000}}

@article{goubin2002refined,
	Author = {Goubin, Louis},
	Date-Added = {2013-02-24 15:22:38 -0500},
	Date-Modified = {2013-02-24 15:22:38 -0500},
	Journal = {Public Key Cryptography--PKC 2003},
	Pages = {199--211},
	Publisher = {Springer},
	Title = {A refined power-analysis attack on elliptic curve cryptosystems},
	Year = {2002}}

@inproceedings{coron1999resistance,
	Author = {Coron, Jean-S{\'e}bastien},
	Booktitle = {Cryptographic Hardware and Embedded Systems},
	Date-Added = {2013-02-24 15:22:18 -0500},
	Date-Modified = {2013-02-24 15:22:18 -0500},
	Organization = {Springer},
	Pages = {725--725},
	Title = {Resistance against differential power analysis for elliptic curve cryptosystems},
	Year = {1999}}

@article{chevallier2004low,
	Author = {Chevallier-Mames, Beno{\^\i}t and Ciet, Mathieu and Joye, Marc},
	Date-Added = {2013-02-24 15:20:57 -0500},
	Date-Modified = {2013-02-24 15:20:57 -0500},
	Journal = {Computers, IEEE Transactions on},
	Number = {6},
	Pages = {760--768},
	Publisher = {IEEE},
	Title = {Low-cost solutions for preventing simple side-channel analysis: Side-channel atomicity},
	Volume = {53},
	Year = {2004}}

@article{izu2002improved,
	Author = {Izu, Tetsuya and M{\"o}ller, Bodo and Takagi, Tsuyoshi},
	Date-Added = {2013-02-24 15:20:46 -0500},
	Date-Modified = {2013-02-24 15:20:46 -0500},
	Journal = {Progress in CryptologyÂ—INDOCRYPT 2002},
	Pages = {296--313},
	Publisher = {Springer},
	Title = {Improved elliptic curve multiplication methods resistant against side channel attacks},
	Year = {2002}}

@article{billet2003jacobi,
	Author = {Billet, Olivier and Joye, Marc},
	Date-Added = {2013-02-24 15:20:28 -0500},
	Date-Modified = {2013-02-24 15:20:28 -0500},
	Journal = {Applied Algebra, Algebraic Algorithms and Error-Correcting Codes},
	Pages = {604--604},
	Publisher = {Springer},
	Title = {The Jacobi model of an elliptic curve and side-channel analysis},
	Year = {2003}}

@inproceedings{joye2001hessian,
	Author = {Joye, Marc and Quisquater, Jean-Jacques},
	Booktitle = {Cryptographic Hardware and Embedded Systems--CHES 2001},
	Date-Added = {2013-02-24 15:19:01 -0500},
	Date-Modified = {2013-02-24 15:42:21 -0500},
	Organization = {Springer},
	Pages = {402--410},
	Title = {Hessian elliptic curves and side-channel attacks},
	Year = {2001}}

@article{joye2003elliptic,
	Author = {Joye, Marc},
	Date-Added = {2013-02-24 15:10:01 -0500},
	Date-Modified = {2013-02-24 15:10:01 -0500},
	Journal = {ST Journal of System Research},
	Number = {1},
	Pages = {17--21},
	Title = {Elliptic curves and side-channel analysis},
	Volume = {4},
	Year = {2003}}

@article{reddy2009elliptic,
	Author = {Reddy, Ekambaram Kesavulu},
	Date-Added = {2013-02-24 15:09:48 -0500},
	Date-Modified = {2013-02-24 15:41:17 -0500},
	Journal = {Published in international Journals of Network Security},
	Pages = {151 -- 158},
	Title = {Elliptic Curve Cryptosystems and Side-channel Attacks},
	Year = {2009}}

@article{miller2004weil,
	Author = {Miller, Victor S},
	Date-Added = {2013-02-23 15:29:19 -0500},
	Date-Modified = {2013-02-23 15:29:19 -0500},
	Journal = {Journal of Cryptology},
	Number = {4},
	Pages = {235--261},
	Publisher = {Springer},
	Title = {The Weil pairing, and its efficient calculation},
	Volume = {17},
	Year = {2004}}

@article{galbraith2002implementing,
	Author = {Galbraith, Steven and Harrison, Keith and Soldera, David},
	Date-Added = {2013-02-23 15:27:40 -0500},
	Date-Modified = {2013-02-23 15:27:40 -0500},
	Journal = {Algorithmic Number Theory},
	Pages = {69--86},
	Publisher = {Springer},
	Title = {Implementing the Tate pairing},
	Year = {2002}}

@unpublished{miller2011short,
	Author = {Miller, Victor S},
	Date-Added = {2013-02-23 15:24:26 -0500},
	Date-Modified = {2013-02-23 15:25:38 -0500},
	Note = {Unpublished manuscript, Available at \texttt{http://crypto.stanford.edu/miller/miller.pdf}},
	Title = {Short programs for functions on curves (1986)},
	Year = {2011}}

@inproceedings{kwon2005efficient,
	Author = {Kwon, Soonhak},
	Booktitle = {Information Security and Privacy},
	Date-Added = {2013-02-23 15:22:37 -0500},
	Date-Modified = {2013-02-23 15:22:37 -0500},
	Organization = {Springer},
	Pages = {134--145},
	Title = {Efficient Tate pairing computation for elliptic curves over binary fields},
	Year = {2005}}

@book{grillet2007abstract,
	Author = {Grillet, Pierre Antoine},
	Date-Added = {2013-02-23 14:38:04 -0500},
	Date-Modified = {2013-02-23 14:38:04 -0500},
	Publisher = {Springer},
	Title = {Abstract algebra},
	Volume = {242},
	Year = {2007}}

@misc{lipairing,
	Author = {Li, Liangze and Wu, Hongfeng and Zhang, Fan},
	Date-Added = {2013-02-23 13:00:30 -0500},
	Date-Modified = {2013-02-23 21:15:57 -0500},
	Howpublished = {{Cryptology ePrint Archive, Report 2012/532}},
	Title = {Pairing computation on Edwards curves with high-degree twists},
	Url = {\texttt{http://eprint.iacr.org/2012/532}},
	Year = {2012}}

@article{arene2011faster,
	Author = {Arene, Christophe and Lange, Tanja and Naehrig, Michael and Ritzenthaler, Christophe},
	Date-Added = {2013-02-23 12:55:52 -0500},
	Date-Modified = {2013-02-23 12:55:52 -0500},
	Journal = {Journal of number theory},
	Number = {5},
	Pages = {842--857},
	Publisher = {Elsevier},
	Title = {Faster computation of the Tate pairing},
	Volume = {131},
	Year = {2011}}

@article{ionica2008another,
	Author = {Ionica, Sorina and Joux, Antoine},
	Date-Added = {2013-02-23 12:53:52 -0500},
	Date-Modified = {2013-02-23 12:53:52 -0500},
	Journal = {Progress in Cryptology---INDOCRYPT 2008},
	Pages = {400--413},
	Publisher = {Springer},
	Title = {Another approach to pairing computation in Edwards coordinates},
	Year = {2008}}

@article{das2008pairing,
	Author = {Das, M and Sarkar, Palash},
	Date-Added = {2013-02-23 12:53:46 -0500},
	Date-Modified = {2013-02-23 12:53:46 -0500},
	Journal = {Pairing-Based Cryptography--Pairing 2008},
	Pages = {192--210},
	Publisher = {Springer},
	Title = {Pairing computation on twisted Edwards form elliptic curves},
	Year = {2008}}

@article{gomez2010cryptanalysis,
	Author = {G{\'o}mez, J and Montoya, F and Benedicto, R and Jimenez, A and Gil, C and Alcayde, A},
	Date-Added = {2013-02-20 21:29:42 -0500},
	Date-Modified = {2013-02-20 21:29:42 -0500},
	Journal = {Distributed computing and artificial intelligence},
	Pages = {221--228},
	Publisher = {Springer},
	Title = {Cryptanalysis of hash functions using advanced multiprocessing},
	Year = {2010}}

@techreport{alnoonexecuting,
	Author = {Alnoon, Hassan and Al Awadi, Shaima},
	Date-Added = {2013-02-20 21:29:14 -0500},
	Date-Modified = {2013-02-20 21:31:32 -0500},
	Institution = {{ENSIMAG}},
	Title = {Executing Parallelized Dictionary Attacks on CPUs and GPUs},
	Year = {2009}}

@article{zonenberg2009distributed,
	Author = {Zonenberg, Andrew},
	Date-Added = {2013-02-20 21:27:36 -0500},
	Date-Modified = {2013-02-20 21:27:36 -0500},
	Journal = {Rensselaer Polytechnic Institute},
	Pages = {27},
	Title = {Distributed hash cracker: A cross-platform gpu-accelerated password recovery system},
	Year = {2009}}

@inproceedings{florencio2007large,
	Author = {Florencio, Dinei and Herley, Cormac},
	Booktitle = {Proceedings of the 16th international conference on World Wide Web},
	Date-Added = {2013-02-20 20:26:45 -0500},
	Date-Modified = {2013-02-20 20:26:45 -0500},
	Organization = {ACM},
	Pages = {657--666},
	Title = {A large-scale study of web password habits},
	Year = {2007}}

@article{turan2010recommendation,
	Author = {Turan, Meltem S{\"o}nmez and Barker, Elaine and Burr, William and Chen, Lily},
	Date-Added = {2013-02-20 20:13:33 -0500},
	Date-Modified = {2013-02-20 20:13:33 -0500},
	Journal = {NIST Special Publication},
	Pages = {132},
	Title = {Recommendation for Password-Based Key Derivation},
	Volume = {800},
	Year = {2010}}

@inproceedings{chatterjee2011fpga,
	Author = {Chatterjee, Ayantika and Sengupta, Indranil},
	Booktitle = {Proceedings of the 21st edition of the great lakes symposium on Great lakes symposium on VLSI},
	Date-Added = {2013-02-20 19:58:56 -0500},
	Date-Modified = {2013-02-20 19:58:56 -0500},
	Organization = {ACM},
	Pages = {73--78},
	Title = {FPGA implementation of binary edwards curve usingternary representation},
	Year = {2011}}

@inproceedings{kocabas2010implementation,
	Author = {Kocabas, Unal and Fan, Junfeng and Verbauwhede, Ingrid},
	Booktitle = {Application-specific Systems Architectures and Processors (ASAP), 2010 21st IEEE International Conference on},
	Date-Added = {2013-02-20 19:58:43 -0500},
	Date-Modified = {2013-02-20 19:58:43 -0500},
	Organization = {IEEE},
	Pages = {185--191},
	Title = {Implementation of binary edwards curves for very-constrained devices},
	Year = {2010}}

@phdthesis{kocabas2009hardware,
	Author = {Kocabas, Unal},
	Date-Added = {2013-02-20 19:57:56 -0500},
	Date-Modified = {2013-02-20 21:19:00 -0500},
	School = {Katholieke Universiteit Leuven},
	Title = {Hardware Implementations Of ECC Over A Binary Edwards Curve},
	Year = {2009}}

@book{meyers2005effective,
	Author = {Meyers, Scott Douglas},
	Date-Added = {2013-02-19 21:37:57 -0500},
	Date-Modified = {2013-02-19 21:37:57 -0500},
	Publisher = {Addison-Wesley Professional},
	Title = {Effective C++: 55 specific ways to improve your programs and designs},
	Year = {2005}}

@techreport{stallman2002gnu,
	Address = {Cambridge, MA},
	Author = {Richard Stallman},
	Date-Added = {2013-02-19 21:28:24 -0500},
	Date-Modified = {2013-02-19 21:29:38 -0500},
	Institution = {Free Software Foundation},
	Title = {{GNU} Compiler Collection Internals},
	Url = {http://gcc.gnu.org/onlinedocs/gccint/},
	Year = {2002},
	Bdsk-Url-1 = {http://gcc.gnu.org/onlinedocs/gccint/}}

@book{stroustrup1997c++,
	Author = {Stroustrup, Bjarne},
	Date-Added = {2013-02-18 19:09:30 -0500},
	Date-Modified = {2013-02-20 19:52:58 -0500},
	Publisher = {Addison-Wesley Longman Publishing Co., Inc.},
	Title = {The {C}++ programming language},
	Year = {1997}}

@manual{granlund1996gnu,
	Author = {Granlund, Torbj{\"o}rn},
	Date-Added = {2013-02-18 18:32:38 -0500},
	Date-Modified = {2013-02-18 19:25:12 -0500},
	Title = {{GNU} {MP}: The {GNU} Multiple Precision Arithmetic Library},
	Year = {1996}}

@techreport{jtcsc22,
	Author = {International Organization for Standardization},
	Date-Added = {2013-02-18 18:30:30 -0500},
	Date-Modified = {2013-02-18 19:27:31 -0500},
	Institution = {ISO},
	Title = {Information technology--Programming languages--C++. SC22/WG21. ISO/IEC 14882: 2011},
	Url = {http://www.iso.org/iso/iso\_catalogue/catalogue\_tc/catalogue\_detail.htm},
	Year = {2011}}

@book{adams1994introduction,
	Author = {Adams, W.W. and Loustaunau, P.},
	Date-Added = {2013-02-11 06:10:19 -0500},
	Date-Modified = {2013-02-11 06:10:19 -0500},
	Publisher = {Amer Mathematical Society},
	Title = {An introduction to Gr{\"o}bner bases},
	Volume = {3},
	Year = {1994}}

@book{hartshorne1977algebraic,
	Author = {Hartshorne, R.},
	Date-Added = {2013-02-11 06:02:37 -0500},
	Date-Modified = {2013-02-11 06:02:37 -0500},
	Publisher = {Springer},
	Title = {Algebraic geometry},
	Volume = {52},
	Year = {1977}}

@article{menezes1993reducing,
	Author = {Menezes, A.J. and Okamoto, T. and Vanstone, S.A.},
	Date-Added = {2013-02-10 18:10:32 -0500},
	Date-Modified = {2013-02-10 18:10:32 -0500},
	Journal = {Information Theory, IEEE Transactions on},
	Number = {5},
	Pages = {1639--1646},
	Publisher = {IEEE},
	Title = {Reducing elliptic curve logarithms to logarithms in a finite field},
	Volume = {39},
	Year = {1993}}

@article{diffie1976new,
	Author = {Diffie, W. and Hellman, M.},
	Date-Added = {2013-02-10 17:54:15 -0500},
	Date-Modified = {2013-02-10 17:54:15 -0500},
	Journal = {Information Theory, IEEE Transactions on},
	Number = {6},
	Pages = {644--654},
	Publisher = {IEEE},
	Title = {New directions in cryptography},
	Volume = {22},
	Year = {1976}}

@misc{arstechnica,
	Author = {Dan Goodin},
	Date-Added = {2013-02-10 16:59:26 -0500},
	Date-Modified = {2013-02-10 16:59:26 -0500},
	Howpublished = {http://arstechnica.com/security/2012/09/ieee-trade-group-exposes-100000-password-for-google-apple-engineers/},
	Month = {September},
	Title = {Trade group exposes 100,000 passwords for {G}oogle, {A}pple engineers},
	Url = {http://arstechnica.com/security/2012/09/ieee-trade-group-exposes-100000-password-for-google-apple-engineers/},
	Year = {2012},
	Bdsk-Url-1 = {http://arstechnica.com/security/2012/09/ieee-trade-group-exposes-100000-password-for-google-apple-engineers/}}

@article{bernstein2009batch,
	Author = {Bernstein, D.},
	Date-Added = {2013-02-10 16:59:26 -0500},
	Date-Modified = {2013-02-24 15:43:11 -0500},
	Journal = {Advances in Cryptology--CRYPTO 2009},
	Pages = {317--336},
	Publisher = {Springer},
	Title = {Batch binary edwards},
	Year = {2009}}

@inproceedings{gong2000elliptic,
	Author = {Gong, G. and Berson, T. and Stinson, D.},
	Booktitle = {Selected Areas in Cryptography},
	Date-Added = {2013-02-10 16:59:26 -0500},
	Date-Modified = {2013-02-10 16:59:26 -0500},
	Organization = {Springer},
	Pages = {34--48},
	Title = {Elliptic curve pseudorandom sequence generators},
	Year = {2000}}

@article{lange2005certain,
	Author = {Lange, T. and Shparlinski, I.E.},
	Date-Added = {2013-02-10 16:59:26 -0500},
	Date-Modified = {2013-02-10 16:59:26 -0500},
	Journal = {Canadian journal of mathematics},
	Number = {2},
	Pages = {338--350},
	Publisher = {Toronto, Published for the Canadian Mathematical Society by the University of Toronto Press.},
	Title = {Certain exponential sums and random walks on elliptic curves},
	Volume = {57},
	Year = {2005}}

@article{lecuyer2007testu01,
	Author = {Lecuyer, P. and Simard, R.},
	Date-Added = {2013-02-10 16:59:26 -0500},
	Date-Modified = {2013-02-10 16:59:26 -0500},
	Journal = {ACM Transactions on Mathematical Software},
	Number = {4},
	Publisher = {Association for Computing Machinery},
	Title = {TestU01: A {C} library for empirical testing of random number generators},
	Volume = {33},
	Year = {2007}}

@techreport{lim2004parallelization,
	Author = {Lim, R.},
	Date-Added = {2013-02-10 16:59:26 -0500},
	Date-Modified = {2013-02-10 16:59:26 -0500},
	Institution = {Nebraska: University of Nebraska},
	Title = {Parallelization of {J}ohn the {R}ipper ({J}t{R}) using {MPI}},
	Year = {2004}}

@techreport{baum2012nist,
	Author = {Michael Baum},
	Date-Added = {2013-02-10 16:59:26 -0500},
	Date-Modified = {2013-02-20 19:46:03 -0500},
	Institution = {National Institute of Stanards and Technology},
	Journal = {NIST Tech Beat},
	Title = {{NIST} Selects Winner of Secure Hash Algorithm ({SHA}-3) Competition},
	Url = {http://www.nist.gov/public_affairs/tech-beat/tb20121002.cfm},
	Year = {2012},
	Bdsk-Url-1 = {http://www.nist.gov/public_affairs/tech-beat/tb20121002.cfm}}

@inproceedings{provos1999future,
	Author = {Provos, N. and Mazieres, D.},
	Booktitle = {Proceedings of the Annual USENIX Technical Conference},
	Date-Added = {2013-02-10 16:59:26 -0500},
	Date-Modified = {2013-02-10 16:59:26 -0500},
	Title = {A future-adaptable password scheme},
	Year = {1999}}

@misc{brown2008ecoh,
	Author = {Brown, D.R.L. and Antipa, A. and Campagna, M. and Struik, R.},
	Date-Added = {2013-02-10 16:59:06 -0500},
	Date-Modified = {2013-02-20 19:49:00 -0500},
	Howpublished = {Submission to NIST},
	Title = {ECOH: the elliptic curve only hash},
	Year = {2008}}

@misc{cryptoeprint:2009:168,
	Author = {Michael A. Halcrow and Niels Ferguson},
	Date-Added = {2013-02-10 16:59:06 -0500},
	Date-Modified = {2013-02-10 16:59:06 -0500},
	Howpublished = {Cryptology ePrint Archive, Report 2009/168},
	Note = {http://eprint.iacr.org/},
	Title = {A Second Pre-image Attack Against Elliptic Curve Only Hash (ECOH)},
	Year = {2009}}

@techreport{halcrow2009second,
	Author = {Halcrow, M.A. and Ferguson, N.},
	Date-Added = {2013-02-10 16:59:06 -0500},
	Date-Modified = {2013-02-20 19:50:04 -0500},
	Institution = {Microsoft},
	Title = {A Second Pre-image Attack Against Elliptic Curve Only Hash (ECOH)},
	Year = {2009}}

@conference{percival2009stronger,
	Author = {Percival, C.},
	Booktitle = {BSDCan 2009},
	Date-Added = {2013-02-10 16:59:06 -0500},
	Date-Modified = {2013-02-20 21:19:52 -0500},
	Title = {Stronger key derivation via sequential memory-hard functions},
	Year = {2009}}

@article{baek2004identity,
	Author = {Baek, J. and Zheng, Y.},
	Date-Added = {2013-02-10 16:22:19 -0500},
	Date-Modified = {2013-02-10 16:22:19 -0500},
	Journal = {Public Key Cryptography--PKC 2004},
	Pages = {262--276},
	Publisher = {Springer},
	Title = {Identity-based threshold decryption},
	Year = {2004}}

@inproceedings{boneh2001identity,
	Author = {Boneh, D. and Franklin, M.},
	Booktitle = {Advances in Cryptology--CRYPTO 2001},
	Date-Added = {2013-02-10 16:22:19 -0500},
	Date-Modified = {2013-02-24 15:43:17 -0500},
	Organization = {Springer},
	Pages = {213--229},
	Title = {Identity-based encryption from the Weil pairing},
	Year = {2001}}

@inproceedings{brickell1990some,
	Author = {Brickell, E.},
	Booktitle = {Advances in Cryptology--EUROCRYPT 89},
	Date-Added = {2013-02-10 16:22:19 -0500},
	Date-Modified = {2013-02-18 18:35:31 -0500},
	Organization = {Springer},
	Pages = {468--475},
	Title = {Some ideal secret sharing schemes},
	Year = {1990}}

@article{chow2004efficient,
	Author = {Chow, S. and Yiu, S. and Hui, L. and Chow, K.},
	Date-Added = {2013-02-10 16:22:19 -0500},
	Date-Modified = {2013-02-10 16:22:19 -0500},
	Journal = {Information Security and Cryptology-ICISC 2003},
	Pages = {352--369},
	Publisher = {Springer},
	Title = {Efficient forward and provably secure ID-based signcryption scheme with public verifiability and public ciphertext authenticity},
	Year = {2004}}

@book{cohen2006handbook,
	Author = {Cohen, H. and Frey, G. and Avanzi, R.},
	Date-Added = {2013-02-10 16:22:19 -0500},
	Date-Modified = {2013-02-10 16:22:19 -0500},
	Publisher = {CRC press},
	Title = {Handbook of elliptic and hyperelliptic curve cryptography},
	Year = {2006}}

@book{daemen2002design,
	Author = {Daemen, J. and Rijmen, V.},
	Date-Added = {2013-02-10 16:22:19 -0500},
	Date-Modified = {2013-02-10 16:22:19 -0500},
	Publisher = {Springer-Verlag New York Inc},
	Title = {The design of {R}ijndael: {AES}--the advanced encryption standard},
	Year = {2002}}

@inproceedings{ghodosi1998secret,
	Author = {Ghodosi, H. and Pieprzyk, J. and Safavi-Naini, R.},
	Booktitle = {Information Security and Privacy},
	Date-Added = {2013-02-10 16:22:19 -0500},
	Date-Modified = {2013-02-10 16:22:19 -0500},
	Organization = {Springer},
	Pages = {367--378},
	Title = {Secret sharing in multilevel and compartmented groups},
	Year = {1998}}

@techreport{iftene2005compartmented,
	Author = {Iftene, S.},
	Date-Added = {2013-02-10 16:22:19 -0500},
	Date-Modified = {2013-02-10 16:22:19 -0500},
	Institution = {Cryptology ePrint Archive},
	Title = {Compartmented secret sharing based on the Chinese remainder theorem},
	Year = {2005}}

@article{iftene2007general,
	Author = {Iftene, S.},
	Date-Added = {2013-02-10 16:22:19 -0500},
	Date-Modified = {2013-02-10 16:22:19 -0500},
	Journal = {Electronic Notes in Theoretical Computer Science},
	Pages = {67--84},
	Publisher = {Elsevier},
	Title = {General secret sharing based on the Chinese remainder theorem with applications in E-voting},
	Volume = {186},
	Year = {2007}}

@article{li2006id,
	Author = {Li, F. and Xin, X. and Hu, Y.},
	Date-Added = {2013-02-10 16:22:19 -0500},
	Date-Modified = {2013-02-10 16:22:19 -0500},
	Journal = {International Journal of Network Security},
	Number = {2},
	Pages = {155--159},
	Title = {{ID}-based signcryption scheme with (t, n) shared unsigncryption},
	Volume = {3},
	Year = {2006}}

@article{shamir1979share,
	Author = {Shamir, A.},
	Date-Added = {2013-02-10 16:22:19 -0500},
	Date-Modified = {2013-02-10 16:22:19 -0500},
	Journal = {Communications of the ACM},
	Number = {11},
	Pages = {612--613},
	Publisher = {ACM},
	Title = {How to share a secret},
	Volume = {22},
	Year = {1979}}

@inproceedings{shamir1985identity,
	Author = {Shamir, A.},
	Booktitle = {Advances in cryptology},
	Date-Added = {2013-02-10 16:22:19 -0500},
	Date-Modified = {2013-02-10 16:22:19 -0500},
	Organization = {Springer},
	Pages = {47--53},
	Title = {Identity-based cryptosystems and signature schemes},
	Year = {1985}}

@book{silverman2009arithmetic,
	Author = {Silverman, J.H.},
	Date-Added = {2013-02-10 16:22:19 -0500},
	Date-Modified = {2013-02-10 16:22:19 -0500},
	Publisher = {Springer Verlag},
	Title = {The arithmetic of elliptic curves},
	Volume = {106},
	Year = {2009}}

@inproceedings{simmons1990really,
	Author = {Simmons, G.J.},
	Booktitle = {Proceedings on Advances in cryptology},
	Date-Added = {2013-02-10 16:22:19 -0500},
	Date-Modified = {2013-02-10 16:22:19 -0500},
	Organization = {Springer-Verlag New York, Inc.},
	Pages = {390--448},
	Title = {How to (really) share a secret},
	Year = {1990}}

@article{zheng1997digital,
	Author = {Zheng, Y.},
	Date-Added = {2013-02-10 16:22:19 -0500},
	Date-Modified = {2013-02-24 15:43:32 -0500},
	Journal = {Advances in Cryptology--CRYPTO 1997},
	Pages = {165--179},
	Publisher = {Springer},
	Title = {Digital {S}igncryption or {H}ow to {A}chieve {C}ost({S}ignature \& {E}ncryption) $<<$ {C}ost({S}ignature) $+$ {C}ost({E}ncryption)},
	Year = {1997}}

@article{zheng1998construct,
	Author = {Zheng, Y. and Imai, H.},
	Date-Added = {2013-02-10 16:22:19 -0500},
	Date-Modified = {2013-02-10 16:22:19 -0500},
	Journal = {Information Processing Letters},
	Number = {5},
	Pages = {227--233},
	Publisher = {Elsevier},
	Title = {How to construct efficient signcryption schemes on elliptic curves},
	Volume = {68},
	Year = {1998}}

@misc{gallagher09fipspub,
	Author = {Patrick Gallagher and Deputy Director Foreword and Cita Furlani Director},
	Date-Added = {2013-02-09 16:34:44 -0500},
	Date-Modified = {2013-02-09 16:34:49 -0500},
	Title = {FIPS PUB 186-3 FEDERAL INFORMATION PROCESSING STANDARDS PUBLICATION Digital Signature Standard (DSS)},
	Year = {2009}}

@misc{agency2009lr,
	Author = {NSA},
	Creation-Date = {Jan 12, 2009},
	Creator = {National Security Agency},
	Date-Added = {2013-02-09 16:34:11 -0500},
	Date-Modified = {2013-02-10 16:59:49 -0500},
	Description = {National Security Agency Public Information},
	Howpublished = {\texttt{http://www.nsa.gov/business/programs/elliptic\_curve.shtml}},
	Language = {English},
	Last-Reviewed-Date = {Jan 12, 2009},
	Lastchecked = {Dec 4, 2011},
	Month = {January},
	Title = {The Case for Elliptic Curve Cryptography},
	Url = {http://www.nsa.gov/business/programs/elliptic\_curve.shtml},
	Year = {2009},
	Bdsk-Url-1 = {http://www.nsa.gov/business/programs/elliptic_curve.shtml}}

@book{hankerson2004guide,
	Author = {Hankerson, D. and Menezes, A.J. and Vanstone, S.},
	Date-Added = {2013-02-09 15:50:13 -0500},
	Date-Modified = {2013-02-09 15:50:13 -0500},
	Publisher = {Springer},
	Title = {Guide to elliptic curve cryptography},
	Year = {2004}}

@book{koblitz2004algebraic,
	Author = {Koblitz, N.},
	Date-Added = {2013-02-09 14:57:33 -0500},
	Date-Modified = {2013-02-09 14:57:33 -0500},
	Publisher = {Springer},
	Title = {Algebraic aspects of cryptography},
	Volume = {3},
	Year = {2004}}

@book{cohen2005handbook,
	Author = {Cohen, H. and Frey, G. and Avanzi, R. and Doche, C. and Lange, T. and Nguyen, K. and Vercauteren, F.},
	Date-Added = {2013-02-09 14:57:09 -0500},
	Date-Modified = {2013-02-09 14:57:09 -0500},
	Publisher = {Chapman \& Hall/CRC},
	Title = {Handbook of elliptic and hyperelliptic curve cryptography},
	Year = {2005}}

@book{washington2008elliptic,
	Author = {Washington, L.C.},
	Date-Added = {2013-02-09 12:49:40 -0500},
	Date-Modified = {2013-02-09 12:49:40 -0500},
	Publisher = {Chapman \& Hall/CRC},
	Title = {Elliptic curves: number theory and cryptography},
	Volume = {50},
	Year = {2008}}

@book{menezes1996handbook,
	Author = {Menezes, A.J. and Van Oorschot, P.C. and Vanstone, S.A.},
	Date-Added = {2013-02-09 12:48:26 -0500},
	Date-Modified = {2013-02-09 12:48:26 -0500},
	Publisher = {CRC},
	Title = {Handbook of applied cryptography},
	Year = {1996}}

@article{izu2002exceptional,
	Author = {Izu, T. and Takagi, T.},
	Date-Added = {2013-02-07 05:49:34 -0500},
	Date-Modified = {2013-02-07 05:49:34 -0500},
	Journal = {Public Key Cryptography---PKC 2003},
	Pages = {224--239},
	Publisher = {Springer},
	Title = {Exceptional procedure attack on elliptic curve cryptosystems},
	Year = {2002}}

@inproceedings{brier2002weierstrass,
	Author = {Brier, E. and Joye, M.},
	Booktitle = {Public Key Cryptography},
	Date-Added = {2013-02-07 05:48:55 -0500},
	Date-Modified = {2013-02-07 05:48:55 -0500},
	Organization = {Springer},
	Pages = {183--194},
	Title = {Weierstra{\ss} elliptic curves and side-channel attacks},
	Year = {2002}}

@article{moller2001securing,
	Author = {M{\"o}ller, B.},
	Date-Added = {2013-02-07 05:48:48 -0500},
	Date-Modified = {2013-02-07 05:48:48 -0500},
	Journal = {Information Security},
	Pages = {324--334},
	Publisher = {Springer},
	Title = {Securing elliptic curve point multiplication against side-channel attacks},
	Year = {2001}}

@article{farashahi2010efficient,
	Author = {Farashahi, R. and Joye, M.},
	Date-Added = {2013-02-02 13:41:38 -0500},
	Date-Modified = {2013-02-02 13:41:38 -0500},
	Journal = {Public Key Cryptography--PKC 2010},
	Pages = {243--260},
	Publisher = {Springer},
	Title = {Efficient arithmetic on hessian curves},
	Year = {2010}}

@techreport{moloneyefficient,
	Author = {Moloney, R. and O'Mahony, A. and Laurent, P.},
	Date-Added = {2013-02-02 13:07:16 -0500},
	Date-Modified = {2013-02-09 12:48:14 -0500},
	Institution = {Cryptology ePrint Archive, Report 2010/208, 2010. http://eprint. iacr. org},
	Title = {Efficient implementation of elliptic curve point operations using binary edwards curves},
	Year = {2010}}

@book{stinson2005cryptography,
	Author = {Stinson, D.R.},
	Date-Added = {2013-02-02 12:53:14 -0500},
	Date-Modified = {2013-02-02 12:53:14 -0500},
	Publisher = {Chapman \& Hall/CRC},
	Title = {Cryptography: theory and practice},
	Year = {2005}}

@inproceedings{miller1986use,
	Author = {Miller, V.},
	Booktitle = {Advances in Cryptology: CRYPTO85 Proceedings},
	Date-Added = {2013-02-02 12:50:03 -0500},
	Date-Modified = {2013-02-02 13:29:22 -0500},
	Organization = {Springer},
	Pages = {417--426},
	Title = {Use of elliptic curves in cryptography},
	Year = {1986}}

@article{koblitz1987elliptic,
	Author = {Koblitz, N.},
	Date-Added = {2013-02-02 12:49:17 -0500},
	Date-Modified = {2013-02-02 12:49:17 -0500},
	Journal = {Mathematics of computation},
	Number = {177},
	Pages = {203--209},
	Title = {Elliptic curve cryptosystems},
	Volume = {48},
	Year = {1987}}

@article{icart2009hash,
	Author = {Icart, T.},
	Date-Added = {2013-01-13 17:13:23 -0500},
	Date-Modified = {2013-02-24 15:43:21 -0500},
	Journal = {Advances in Cryptology--CRYPTO 2009},
	Pages = {303--316},
	Publisher = {Springer},
	Title = {How to hash into elliptic curves},
	Year = {2009}}

@article{bernstein2007faster,
	Author = {Bernstein, D. and Lange, T.},
	Date-Added = {2013-01-13 13:24:35 -0500},
	Date-Modified = {2013-01-13 13:24:35 -0500},
	Journal = {Advances in cryptology--ASIACRYPT 2007},
	Pages = {29--50},
	Publisher = {Springer},
	Title = {Faster addition and doubling on elliptic curves},
	Year = {2007}}

@article{bernstein2008twisted,
	Author = {Bernstein, D. and Birkner, P. and Joye, M. and Lange, T. and Peters, C.},
	Date-Added = {2013-01-13 13:24:35 -0500},
	Date-Modified = {2013-01-13 13:24:35 -0500},
	Journal = {Progress in Cryptology--AFRICACRYPT 2008},
	Pages = {389--405},
	Publisher = {Springer},
	Title = {Twisted edwards curves},
	Year = {2008}}

@techreport{diao2012edwards,
	Author = {Diao, O. and Fouotsa, E.},
	Date-Added = {2013-01-13 13:24:35 -0500},
	Date-Modified = {2013-01-13 13:24:35 -0500},
	Institution = {Cryptology ePrint Archive: Report 2012/346. http://eprint.iacr.org/2012/346},
	Title = {Edwards model of elliptic curves defined over any fields},
	Year = {2012}}

@article{edwards2007normal,
	Author = {Edwards, H.M.},
	Date-Added = {2013-01-13 13:24:35 -0500},
	Date-Modified = {2013-01-13 13:24:35 -0500},
	Journal = {Bulletin of the American Mathematical Society},
	Number = {3},
	Pages = {393--422},
	Publisher = {Providence, RI: The Society, 1979-},
	Title = {A normal form for elliptic curves},
	Volume = {44},
	Year = {2007}}

@manual{sage,
	Author = {W.\thinspace{}A. Stein and others},
	Date-Added = {2013-01-13 13:24:35 -0500},
	Date-Modified = {2013-01-13 13:24:35 -0500},
	Key = {Sage},
	Note = {{\tt http://www.sagemath.org}},
	Organization = {The Sage Development Team},
	Title = {{S}age {M}athematics {S}oftware ({V}ersion 5.0)},
	Year = {2012}}

@article{wang2012new,
	Author = {WANG, B. and TANG, C. and YANG, Y.},
	Date-Added = {2013-01-13 13:24:35 -0500},
	Date-Modified = {2013-01-13 13:24:35 -0500},
	Journal = {Journal of Computational Information Systems},
	Number = {10},
	Pages = {4061--4067},
	Title = {A New Model of Elliptic Curves with Effective and Fast Arithmeticâ‹†},
	Volume = {8},
	Year = {2012}}

@techreport{wu2010new,
	Author = {Wu, H. and Tang, C. and Feng, R.},
	Date-Added = {2013-01-13 13:24:35 -0500},
	Date-Modified = {2013-01-13 13:24:35 -0500},
	Institution = {Cryptology ePrint Archive: Report 2010/608. http://eprint.iacr.org/2010/608},
	Title = {A New Model of Binary Elliptic Curves with Fast Arithmetic},
	Year = {2010}}

@misc{brumley2011timing,
	Author = {Billy Bob Brumley and Nicola Tuveri},
	Date-Added = {2013-01-13 13:24:07 -0500},
	Date-Modified = {2013-02-23 21:14:37 -0500},
	Howpublished = {{Cryptology ePrint Archive, Report 2011/232}},
	Title = {Remote Timing Attacks are Still Practical},
	Url = {\texttt{http://eprint.iacr.org/2011/232}},
	Year = {2011},
	Bdsk-Url-1 = {http://eprint.iacr.org/2011/232.pdf},
	Bdsk-Url-2 = {http://eprint.iacr.org/2011/232}}

@article{bernstein2008binary,
	Author = {Bernstein, D. and Lange, T. and Rezaeian Farashahi, R.},
	Date-Added = {2013-01-13 13:23:53 -0500},
	Date-Modified = {2013-01-13 13:23:53 -0500},
	Journal = {Cryptographic Hardware and Embedded Systems--CHES 2008},
	Pages = {244--265},
	Publisher = {Springer},
	Title = {Binary edwards curves},
	Year = {2008}}

@misc{shoup2009ntl,
	Author = {Victor Shoup},
	Date-Added = {2011-12-06 14:30:51 -0500},
	Date-Modified = {2013-02-02 13:36:23 -0500},
	Howpublished = {\texttt{http://www.shoup.net/ntl/index.html}},
	Lastchecked = {Dec 7, 2011},
	Month = {August},
	Title = {{NTL}: A Library for doing number theory},
	Url = {http://www.shoup.net/ntl/index.html},
	Year = {2009},
	Bdsk-Url-1 = {http://www.shoup.net/ntl/index.html}}
